@inproceedings{lazebnik_schmid_ponce_SpatialPyramid_cvpr2006,
  title={Beyond bags of features: Spatial pyramid matching for recognizing natural scene categories},
  author={Lazebnik, Svetlana and Schmid, Cordelia and Ponce, Jean},
  booktitle={Computer Vision and Pattern Recognition ({CVPR})},
  pages={2169--2178},
  year={2006},
  organization={{IEEE}},
}
 
  @misc{kmeans,
   author = {Mauro Pichiliani},
   title = {Data Mining na Pr√°tica: Algoritmo K-Means},
   year = {2007},
   note = {\url{https://www.devmedia.com.br/data-mining-na-pratica-algoritmo-k-means/4584}}
 }
 
  @inproceedings{maggiori2017dataset,
  title={Can Semantic Labeling Methods Generalize to Any City? The Inria Aerial Image Labeling Benchmark},
  author={Maggiori, Emmanuel and Tarabalka, Yuliya and Charpiat, Guillaume and Alliez, Pierre},
  booktitle={International Geoscience and Remote Sensing Symposium ({IGARSS})},
  year={2017},
  organization={{IEEE}},
  note = {\url{https://project.inria.fr/aerialimagelabeling/}},
  doi={10.1109/IGARSS.2017.8127684}
}

@misc{ knn,
    author = "{Wikipedia contributors}",
    title = "K-nearest neighbors algorithm --- {Wikipedia}{,} The Free Encyclopedia",
    year = "2018",
    note = "\url{https://en.wikipedia.org/w/index.php?title=K-nearest_neighbors_algorithm&oldid=865557299};[Online; accessed 30-October-2018; Page Version ID: 865557299]"
  }
  
  @misc{ sift,
    author = "{Wikipedia contributors}",
    title = "Scale-invariant feature transform --- {Wikipedia}{,} The Free Encyclopedia",
    year = "2018",
    note = "\url{https://en.wikipedia.org/wiki/Scale-invariant_feature_transform#Algorithm};[Online; accessed 18-November-2018; Page Version ID: 865557299]"
  }
  
    @misc{ fast,
    author = "{Wikipedia contributors}",
    title = "Features from accelerated segment test --- {Wikipedia}{,} The Free Encyclopedia",
    year = "2018",
    note = "\url{https://en.wikipedia.org/wiki/Features_from_accelerated_segment_test};[Online; accessed 18-November-2018; Page Version ID: 865557299]"
  }
  
  
@misc{ svm,
    author = "{Wikipedia contributors}",
    title = "Support vector machine --- {Wikipedia}{,} The Free Encyclopedia",
    year = "2018",
    note = "\url{https://en.wikipedia.org/w/index.php?title=Support_vector_machine&oldid=865035110};[Online; accessed 30-October-2018; Page Version ID: 865035110]"
  }
  
@misc{ haar,
    author = "OpenCV Contribuitors",
    title = "Face Detection using Haar Cascades",
    year = "2018",
    organization={Open Source Computer Vision},
    note = "\url{https://docs.opencv.org/3.4/d7/d8b/tutorial_py_face_detection.html}[Online; accessed 29-November-2018]"
  }
  
@misc{ haartrain,
    author = "OpenCV Contribuitors",
    title = "Cascade Classifier Training",
    year = "2018",
    organization={Open Source Computer Vision},
    note = "\url{https://docs.opencv.org/3.4/dc/d88/tutorial_traincascade.html}[Online; accessed 29-November-2018]"
  }
  
  
  
@misc{ lbp,
    author = "Adrian Rosebrock ",
    title = "Local Binary Patterns with Python & OpenCV",
    year = "December 7, 2015",
    note = "\url{https://www.pyimagesearch.com/2015/12/07/local-binary-patterns-with-python-opencv/}[Online; accessed 29-November-2018]"
  }